%% This BibTeX bibliography file was created using BibDesk.
%% http://bibdesk.sourceforge.net/

%% Created for Changkun Ou at 2018-01-28 10:28:26 +0100 


%% Saved with string encoding Unicode (UTF-8) 



@article{james1884emotion,
	Author = {James, William},
	Journal = {Mind},
	Number = {34},
	Pages = {188--205},
	Publisher = {JSTOR},
	Title = {What is an emotion?},
	Volume = {9},
	Year = {1884}}

@book{turkle2005second,
	Author = {Turkle, Sherry},
	Publisher = {Mit Press},
	Title = {The second self: Computers and the human spirit},
	Year = {2005}}

@book{james2013emotion,
	Author = {James, William},
	Publisher = {Simon and Schuster},
	Title = {What is an Emotion?},
	Year = {2013}}

@article{picard1999affective,
	Author = {Picard, Rosalind W},
	Journal = {Human Computer Interaction: Ergonomics and User Interfaces. Proceedings of HCI International '99 8th International Conference on Human Computer Interaction},
	Title = {Affective Computing for HCI},
	Year = {1999}}

@article{weiser1991computer,
	Author = {Weiser, Mark},
	Journal = {Scientific american},
	Number = {3},
	Pages = {94--104},
	Publisher = {New York},
	Title = {The computer for the 21st century},
	Volume = {265},
	Year = {1991}}

@article{starner1996human,
	Author = {Starner, Thad},
	Journal = {IBM systems Journal},
	Number = {3.4},
	Pages = {618--629},
	Publisher = {IBM},
	Title = {Human-powered wearable computing},
	Volume = {35},
	Year = {1996}}

@article{Eid2016,
	Author = {M. A. Eid and H. Al Osman},
	Date-Modified = {2018-01-28 09:18:12 +0000},
	Journal = {IEEE Access},
	Title = {Affective Haptics: Current Research and Future Directions},
	Volume = {4},
	Year = {2016}}

@article{Tao2005,
	Journal = {Lecture Notes in Computer Science (including subseries Lecture Notes in Artificial Intelligence and Lecture Notes in Bioinformatics)},
	Pages = {981--995},
	Title = {{Affective computing: A review}},
	Volume = {3784 LNCS},
	Year = {2005}}

@article{Zhang2014,
	Archiveprefix = {arXiv},
	Arxivid = {1410.1648},
	Author = {Zhang, Shengkai and Hui, Pan},
	Date-Modified = {2018-01-28 09:22:28 +0000},
	Eprint = {1410.1648},
	Journal = {ArXiv Prepr. ArXiv14101648},
	Number = {1},
	Title = {A Survey on Mobile Affective Computing},
	Year = {2014}}

@article{Poria2017,
	Author = {Poria, Soujanya and Cambria, Erik and Bajpai, Rajiv and Hussain, Amir},
	Date-Modified = {2018-01-28 08:55:51 +0000},
	Journal = {Information Fusion},
	Keywords = {Audio,Affective computing,Multimodal affect analysis,Multimodal fusion,Sentiment analysis,ek laboratories,nanyang technological university,singapore,visual and text information fusion},
	Pages = {98--125},
	Publisher = {Elsevier B.V.},
	Title = {A review of affective computing : From unimodal analysis to multimodal fusion},
	Volume = {37},
	Year = {2017}}

@inproceedings{Garcia2017,
	Author = {Garcia-Garcia, Jose Maria and Penichet, Victor M. R. and Lozano, Maria D.},
	Booktitle = {Proceedings of the XVIII International Conference on Human Computer Interaction},
	Date-Modified = {2018-01-28 08:57:35 +0000},
	Keywords = {Affective Computing,emotion recognition,technologies},
	Publisher = {ACM},
	Title = {Emotion Detection: A Technology Review},
	Year = {2017}}

@article{hertenstein2009communication,
	Author = {Hertenstein, Matthew J and Holmes, Rachel and McCullough, Margaret and Keltner, Dacher},
	Journal = {Emotion},
	Number = {4},
	Pages = {566},
	Publisher = {American Psychological Association},
	Title = {The communication of emotion via touch.},
	Volume = {9},
	Year = {2009}}

@article{tan2013connectivity,
	Author = {Tan, Guang and Jiang, Hongbo and Zhang, Shengkai and Yin, Zhimeng and Kermarrec, Anne-Marie},
	Journal = {ACM Transactions on Sensor Networks (TOSN)},
	Number = {1},
	Pages = {6},
	Publisher = {ACM},
	Title = {Connectivity-based and anchor-free localization in large-scale 2d/3d sensor networks},
	Volume = {10},
	Year = {2013}}

@inproceedings{boles2017voice,
	Author = {A. Boles and P. Rad},
	Booktitle = {2017 12th System of Systems Engineering Conference (SoSE)},
	Date-Modified = {2018-01-28 08:59:11 +0000},
	Organization = {IEEE},
	Pages = {1-6},
	Title = {Voice biometrics: Deep learning-based voiceprint authentication system},
	Year = {2017}}

@article{Gao2012,
	Author = {Gao, Yuan and Bianchi-Berthouze, Nadia and Meng, Hongying},
	Journal = {ACM Trans. Comput. Interact.},
	Number = {4},
	Pages = {1--30},
	Title = {{What Does Touch Tell Us about Emotions in Touchscreen-Based Gameplay?}},
	Volume = {19},
	Year = {2012}}

@article{Shah2015,
	Author = {Shah, Sachin and Teja, J. Narasimha and Bhattacharya, Samit},
	Journal = {J. Interact. Sci.},
	Keywords = {Emotional state,Touch screen,Strike and tap,Featur,emotional state,empirical study,features,linear regression,strike and tap,touch screen},
	Number = {1},
	Pages = {6},
	Publisher = {Journal of Interaction Science},
	Title = {{Towards affective touch interaction: predicting mobile user emotion from finger strokes}},
	Volume = {3},
	Year = {2015}}

@article{Mottelson2016,
	Author = {Mottelson, Aske and Hornb{\ae}k, Kasper},
	Journal = {ACM Int. Jt. Conf. Pervasive Ubiquitous Comput.},
	Pages = {781--792},
	Title = {{An affect detection technique using mobile commodity sensors in the wild}},
	Year = {2016}}

@article{bhattacharya2017predictive,
	Author = {Bhattacharya, S},
	Journal = {International Journal of Mobile Human Computer Interaction},
	Number = {1},
	Pages = {30--44},
	Publisher = {IGI Global},
	Title = {{A predictive linear regression model for affective state detection of mobile touch screen users}},
	Volume = {9},
	Year = {2017}}

@article{Mazzoni2016,
	Author = {Mazzoni, Antonella and Bryan-kinns, Nick},
	Journal = {Entertainment Computing},
	Pages = {9--17},
	Publisher = {The Authors},
	Title = {{Mood Glove : A haptic wearable prototype system to enhance mood music in film}},
	Volume = {17},
	Year = {2016}}

@article{Lentini2017,
	Author = {Lentini, Rodrigo C and Ionascu, Beatrice and Eyssel, Friederike A and Copti, Scandar and Eid, Mohamad},
	Date-Modified = {2018-01-28 09:00:26 +0000},
	Journal = {International Journal of Computer, Electrical, Automation, Control and Information Engineering},
	Keywords = {arousal,reactions,tactile stimulation,valence},
	Title = {Authoring Tactile Gestures : Case Study for Emotion Stimulation},
	Year = {2017}}

@article{Bhattacharya2017,
	Author = {Bhattacharya, Samit},
	Date-Modified = {2018-01-28 09:02:28 +0000},
	Journal = {Int. J. Mob. Hum. Comput. Interact.},
	Keywords = {emotional state,empirical study,features,linear regression,strike and tap,touch screen},
	Number = {1},
	Pages = {30--44},
	Title = {A Predictive Linear Regression Model for Affective State Detection of Mobile Touch Screen Users},
	Volume = {9},
	Year = {2017}}

@inproceedings{Rajalakshmi2017ACS,
	Author = {S. Rajalakshmi and S. Asha and N. Pazhaniraja},
	Booktitle = {2017 Fourth International Conference on Signal Processing, Communication and Networking (ICSCN)},
	Date-Modified = {2018-01-28 08:50:07 +0000},
	Keywords = {data mining;learning (artificial intelligence);social networking (online);text analysis;emotional mining;opinion mining;sentiment analysis;social media data;social network;text data;Data mining;Dictionaries;Feature extraction;Sentiment analysis;Social network services;Support vector machines;Tools;opinion mining;sentiment analysis;social media},
	Pages = {1-5},
	Title = {A comprehensive survey on sentiment analysis},
	Year = {2017}}

@inproceedings{google2017,
	Author = {Ashish Vaswani and Noam Shazeer and Niki Parmar and Jakob Uszkoreit and Llion Jones and Aidan N. Gomez and Lukasz Kaiser and Illia Polosukhin},
	Booktitle = {Advances in Neural Information Processing Systems (NIPS)},
	Date-Modified = {2018-01-28 09:03:29 +0000},
	Title = {Attention is All You Need},
	Year = {2017}}

@article{hochreiter1997long,
	Author = {Hochreiter, Sepp and Schmidhuber, J{\"u}rgen},
	Journal = {Neural computation},
	Number = {8},
	Pages = {1735--1780},
	Publisher = {MIT Press},
	Title = {Long short-term memory},
	Volume = {9},
	Year = {1997}}

@inproceedings{mikolov2010recurrent,
	Author = {Mikolov, Tomas and Karafi{\'a}t, Martin and Burget, Lukas and Cernock{\`y}, Jan and Khudanpur, Sanjeev},
	Booktitle = {Interspeech},
	Pages = {3},
	Title = {Recurrent neural network based language model.},
	Volume = {2},
	Year = {2010}}

@article{kamper2017segmental,
	Author = {Kamper, Herman and Jansen, Aren and Goldwater, Sharon},
	Date-Modified = {2018-01-28 08:54:56 +0000},
	Journal = {Computer Speech and Language},
	Pages = {154--174},
	Publisher = {Elsevier},
	Title = {A segmental framework for fully-unsupervised large-vocabulary speech recognition},
	Volume = {46},
	Year = {2017}}

@article{poria2016fusing,
	Author = {Poria, Soujanya and Cambria, Erik and Howard, Newton and Huang, Guang-Bin and Hussain, Amir},
	Journal = {Neurocomputing},
	Pages = {50--59},
	Publisher = {Elsevier},
	Title = {Fusing audio, visual and textual clues for sentiment analysis from multimodal content},
	Volume = {174},
	Year = {2016}}

@article{d2015review,
	Author = {D'mello, Sidney K and Kory, Jacqueline},
	Journal = {ACM Computing Surveys (CSUR)},
	Number = {3},
	Pages = {43},
	Publisher = {ACM},
	Title = {A review and meta-analysis of multimodal affect detection systems},
	Volume = {47},
	Year = {2015}}

@article{Bailenson2007,
	Author = {Bailenson, Jeremy N and Yee, Nick and Brave, Scott and Merget, Dan and Koslow, David},
	Journal = {Human-Computer Interact.},
	Number = {November},
	Pages = {325--353},
	Title = {{Virtual interpersonal touch: expressing and recognizing emotions through haptic devices}},
	Volume = {22},
	Year = {2007}}

@inproceedings{Hyun2012,
	Author = {Hyun-Jun Kim and Young Sang Choi},
	Booktitle = {2012 IEEE Consumer Communications and Networking Conference (CCNC)},
	Doi = {10.1109/CCNC.2012.6181095},
	Month = {Jan},
	Pages = {245-249},
	Title = {Exploring emotional preference for smartphone applications},
	Year = {2012}}

@book{darwin1998expression,
	Author = {Darwin, Charles and Prodger, Phillip},
	Publisher = {Oxford University Press, USA},
	Title = {The expression of the emotions in man and animals},
	Year = {1998}}

@misc{emotionmap,
	Author = {stanchew},
	Howpublished = {\url{https://stanchew.wordpress.com/2012/04/23/a-map-of-human-emotions/}},
	Note = {[Online; accessed 20-November-2017]},
	Title = {{A map of human emotions}},
	Year = {2012}}

@article{Mollahosseini2017,
	Archiveprefix = {arXiv},
	Arxivid = {1708.03985},
	Author = {Mollahosseini, Ali and Hasani, Behzad and Mahoor, Mohammad H},
	Date-Modified = {2018-01-28 09:05:43 +0000},
	Eprint = {1708.03985},
	Journal = {IEEE Transactions on Affective Computing},
	Keywords = {Affective computing in the wild,arousal,continuous dimensional space,facial expressions,valence},
	Title = {{AffectNet: A Database for Facial Expression, Valence, and Arousal Computing in the Wild}},
	Year = {2017}}

@article{Bigham2014,
	Author = {Bigham, Jeffrey P and Bernstein, Michael S},
	Journal = {The handbook of collective intelligence},
	Title = {{Human-Computer Interaction and Collective Intelligence}},
	Year = {2014}}

@article{Hassib2017,
	Author = {Hassib, Mariam and Buschek, Daniel and Wozniak, PawelW W and Alt, Florian},
	Journal = {Proceedings of the 2017 CHI Conference on Human Factors in Computing Systems},
	Keywords = {affective computing,heart rate,instant messagingg,physiological sensing},
	Pages = {2239--2251},
	Title = {{HeartChat: Heart Rate Augmented Mobile Chat to Support Empathy and Awareness}},
	Year = {2017}}

@article{Fragopanagos2005,
	Journal = {Neural Networks},
	Keywords = {Attention control,Emotion classification,Emotion data sets,Emotions,Face feature analysis,Feedback learning,Lexical content,Prosody,Relaxation,Sigma-pi neural networks},
	Number = {4},
	Pages = {389--405},
	Pmid = {15921887},
	Title = {{Emotion recognition in human-computer interaction}},
	Volume = {18},
	Year = {2005}}

@article{Lopez-Martinez2017,
	Archiveprefix = {arXiv},
	Arxivid = {1708.08755},
	Author = {Lopez-Martinez, Daniel and Picard, Rosalind},
	Date-Modified = {2018-01-28 09:06:52 +0000},
	Journal = {arXiv preprint arXiv:1708.08755},
	Pages = {3--6},
	Title = {{Multi-task Neural Networks for Personalized Pain Recognition from Physiological Signals}},
	Year = {2017}}

@article{Hihn2016,
	Author = {Hihn, Heinke and Meudt, Sascha and Schwenker, Friedhelm},
	Journal = {Proceedings of the 2nd workshop on Emotion Representations and Modelling for Companion Systems - ERM4CT '16},
	Keywords = {affective computing,emotion recognition,ensemble meth-},
	Pages = {1--4},
	Title = {{Inferring mental overload based on postural behavior and gestures}},
	Year = {2016}}

@article{Melcer2016,
	Journal = {Late-Breaking Work: Designing Interactive Systems},
	Keywords = {Affect,Author Keywords Form,Emotion,HCI),Miscellaneous},
	Pages = {1430--1437},
	Title = {{Motion, Emotion, and Form: Exploring Affective Dimensions of Shape}},
	Year = {2016}}

@article{McDuff2016,
	Author = {McDuff, Daniel and Mahmoud, Abdelrahman and Mavadati, Mohammad and Amr, May and Turcot, Jay and el Kaliouby, Rana},
	Journal = {Proceedings of the 2016 CHI Conference Extended Abstracts on Human Factors in Computing Systems - CHI EA '16},
	Keywords = {Author Keywords Facial expressions,Emotion},
	Pages = {3723--3726},
	Title = {{AFFDEX SDK: A Cross-Platform Real-Time Multi-Face Expression Recognition Toolkit}},
	Year = {2016}}

@article{Pike2015,
	Author = {Pike, Matthew and Ramchurn, Richard and Wilson, Max L},
	Journal = {Proceedings of the 2015 British HCI Conference},
	Keywords = {BCI,EEG,adaptive media,digital arts,physiology},
	Pages = {117--118},
	Title = {{Two-way Affect Loops in Multimedia Experiences}},
	Year = {2015}}

@article{Pham2017,
	Author = {Pham, Phuong and Wang, Jingtao},
	Journal = {Proceedings of the 22nd International Conference on Intelligent User Interfaces - IUI '17},
	Pages = {67--78},
	Title = {{Understanding Emotional Responses to Mobile Video Advertisements via Physiological Signal Sensing and Facial Expression Analysis}},
	Year = {2017}}

@article{Zeng2004,
	Author = {Zeng, Zhihong and Tu, Jilin and Liu, Ming and Zhang, Tong and Rizzolo, Nicholas and Zhang, Zhenqiu and Huang, Thomas S. and Roth, Dan and Levinson, Stephen},
	Journal = {Proceedings of the 6th international conference on Multimodal interfaces - ICMI '04},
	Keywords = {affect recognition,affective,emotion recognition,hci,multimodal human-computer interaction},
	Pages = {137},
	Title = {{Bimodal HCI-related affect recognition}},
	Year = {2004}}

@article{Kim2016,
	Author = {Kim, Joohee and Lee, Na Hyeon and Bae, Byung-Chull and Cho, Jun Dong},
	Journal = {Proceedings of the 2016 ACM Conference Companion Publication on Designing Interactive Systems - DIS '16 Companion},
	Pages = {161--164},
	Title = {{A Feedback System for the Prevention of Forward Head Posture in Sedentary Work Environments}},
	Year = {2016}}

@article{Cauchard2016,
	Author = {Cauchard, Jessica R. and Zhai, Kevin Y. and Spadafora, Marco and Landay, James A.},
	Journal = {ACM/IEEE International Conference on Human-Robot Interaction},
	Keywords = {Affective computing,Drone,UAV},
	Pages = {263--270},
	Title = {{Emotion encoding in human-drone interaction}},
	Volume = {2016-April},
	Year = {2016}}

@article{Tewell2017,
	Author = {Tewell, Jordan and Bird, Jon and Buchanan, George R.},
	Journal = {Proceedings of the 2017 CHI Conference on Human Factors in Computing Systems - CHI '17},
	Keywords = {affective computing,thermal feedback,thermal haptics},
	Pages = {1756--1767},
	Title = {{The Heat is On: A Temperature Display for Conveying Affective Feedback}},
	Year = {2017}}

@article{Dermody2016,
	Author = {Dermody, Fiona},
	Journal = {Proceedings of the 18th ACM International Conference on Multimodal Interaction - ICMI 2016},
	Keywords = {affective computing,hci,multimodal interfaces,positive computing,public speaking,real-time feedback},
	Pages = {541--545},
	Title = {{Multimodal positive computing system for public speaking with real-time feedback}},
	Year = {2016}}

@article{Naidu2015,
	Author = {Naidu, Ganapreeta R.},
	Journal = {Proceedings of the 2015 ACM on International Conference on Multimodal Interaction - ICMI '15},
	Keywords = {affective computing,computer interaction,culture-specific,hci,human,intelligent agents,learning,multimodal interaction},
	Pages = {635--639},
	Title = {{A Computational Model of Culture-Specific Emotion Detection for Artificial Agents in the Learning Domain}},
	Year = {2015}}

@inproceedings{Wunarso2017,
	Author = {N. B. Wunarso and Y. E. Soelistio},
	Booktitle = {2017 4th International Conference on New Media Studies (CONMEDIA)},
	Date-Modified = {2018-01-28 09:08:45 +0000},
	Keywords = {Databases;Emotion recognition;Feature extraction;Films;Speech;Speech recognition;Support vector machines;Daubechies wavelet;Linear mixed effect;SVM;speech-emotion recognition},
	Pages = {98-101},
	Title = {Towards Indonesian speech-emotion automatic recognition (I-SpEAR)},
	Volume = {2017},
	Year = {2017}}

@inproceedings{Tikadar2017,
	Address = {Cham},
	Author = {Tikadar, Subrata and Kazipeta, Sharath and Ganji, Chandrakanth and Bhattacharya, Samit},
	Booktitle = {Human-Computer Interaction - INTERACT 2017},
	Date-Modified = {2018-01-28 09:12:33 +0000},
	Editor = {Bernhaupt, Regina and Dalvi, Girish and Joshi, Anirudha and {K. Balkrishan}, Devanuj and O'Neill, Jacki and Winckler, Marco},
	Pages = {3--12},
	Publisher = {Springer International Publishing},
	Title = {A Minimalist Approach for Identifying Affective States for Mobile Interaction Design},
	Year = {2017}}

@inproceedings{Krizhevsky2012,
	Author = {Krizhevsky, Alex and Sutskever, Ilya and Hinton, Geoffrey E},
	Booktitle = {Advances in neural information processing systems (NIPS)},
	Date-Modified = {2018-01-28 09:26:56 +0000},
	Title = {{ImageNet Classification with Deep Convolutional Neural Networks}},
	Year = {2012}}

@article{Simonyan2015,
	Archiveprefix = {arXiv},
	Arxivid = {arXiv:1409.1556v6},
	Author = {Simonyan, Karen and Zisserman, Andrew},
	Date-Modified = {2018-01-28 09:20:48 +0000},
	Eprint = {arXiv:1409.1556v6},
	Journal = {arXiv preprint arXiv:1409.1556},
	Pages = {1--14},
	Title = {Very deep convolutional networks for large-scale image recognition},
	Year = {2014}}

@inproceedings{Szegedy2014,
	Author = {C. Szegedy and Wei Liu and Yangqing Jia and P. Sermanet and S. Reed and D. Anguelov and D. Erhan and V. Vanhoucke and A. Rabinovich},
	Booktitle = {2015 IEEE Conference on Computer Vision and Pattern Recognition (CVPR)},
	Date-Modified = {2018-01-28 09:24:09 +0000},
	Title = {Going deeper with convolutions},
	Year = {2015 }}

@article{Szegedy2015,
	Archiveprefix = {arXiv},
	Arxivid = {1512.00567},
	Author = {C. Szegedy and V. Vanhoucke and S. Ioffe and J. Shlens and Z. Wojna},
	Date-Modified = {2018-01-28 09:21:54 +0000},
	Eprint = {1512.00567},
	Journal = {2016 IEEE Conference on Computer Vision and Pattern Recognition (CVPR)},
	Pages = {2818-2826},
	Pmid = {8190083},
	Title = {Rethinking the Inception Architecture for Computer Vision},
	Year = {2016}}

@inproceedings{Szegedy2016,
	Archiveprefix = {arXiv},
	Arxivid = {1602.07261},
	Author = {Szegedy, Christian and Ioffe, Sergey and Vanhoucke, Vincent and Alemi, Alexander A},
	Booktitle = {AAAI},
	Date-Modified = {2018-01-28 09:19:27 +0000},
	Eprint = {1602.07261},
	Keywords = {Vision},
	Pages = {4278--4284},
	Pmid = {23064159},
	Title = {Inception-v4, Inception-ResNet and the Impact of Residual Connections on Learning},
	Year = {2017}}

@article{He2016,
	Archiveprefix = {arXiv},
	Arxivid = {1512.03385},
	Author = {He, Kaiming and Zhang, Xiangyu and Ren, Shaoqing and Sun, Jian},
	Journal = {2016 IEEE Conf. Comput. Vis. Pattern Recognit.},
	Pages = {770--778},
	Pmid = {23554596},
	Title = {{Deep Residual Learning for Image Recognition}},
	Year = {2016}}

@article{iandola2014densenet,
	Author = {Iandola, Forrest and Moskewicz, Matt and Karayev, Sergey and Girshick, Ross and Darrell, Trevor and Keutzer, Kurt},
	Journal = {arXiv preprint arXiv:1404.1869},
	Title = {Densenet: Implementing efficient convnet descriptor pyramids},
	Year = {2014}}

@inproceedings{sabour2017dynamic,
	Author = {Sabour, Sara and Frosst, Nicholas and Hinton, Geoffrey E},
	Booktitle = {Advances in Neural Information Processing Systems},
	Pages = {3857--3867},
	Title = {Dynamic Routing Between Capsules},
	Year = {2017}}

@inproceedings{he2015convolutional,
	Author = {He, Kaiming and Sun, Jian},
	Booktitle = {Proceedings of the IEEE Conference on Computer Vision and Pattern Recognition},
	Pages = {5353--5360},
	Title = {Convolutional neural networks at constrained time cost},
	Year = {2015}}

@article{iandola2016squeezenet,
	Author = {Iandola, Forrest N and Han, Song and Moskewicz, Matthew W and Ashraf, Khalid and Dally, William J and Keutzer, Kurt},
	Journal = {arXiv preprint arXiv:1602.07360},
	Title = {SqueezeNet: AlexNet-level accuracy with 50x fewer parameters and< 0.5 MB model size},
	Year = {2016}}

@article{howard2017mobilenets,
	Author = {Howard, Andrew G and Zhu, Menglong and Chen, Bo and Kalenichenko, Dmitry and Wang, Weijun and Weyand, Tobias and Andreetto, Marco and Adam, Hartwig},
	Date-Modified = {2018-01-28 08:52:41 +0000},
	Journal = {arXiv preprint arXiv:1704.04861},
	Title = {Mobilenets: Efficient convolutional neural networks for mobile vision applications},
	Year = {2017}}

@article{zhang2017shufflenet,
	Author = {Zhang, Xiangyu and Zhou, Xinyu and Lin, Mengxiao and Sun, Jian},
	Journal = {arXiv preprint arXiv:1707.01083},
	Title = {Shufflenet: An extremely efficient convolutional neural network for mobile devices},
	Year = {2017}}

@article{chollet2016xception,
	Author = {Chollet, Fran{\c{c}}ois},
	Journal = {arXiv preprint arXiv:1610.02357},
	Title = {Xception: Deep Learning with Depthwise Separable Convolutions},
	Year = {2016}}

@inproceedings{goodfellow2013challenges,
	Author = {Goodfellow, Ian J and Erhan, Dumitru and Carrier, Pierre Luc and Courville, Aaron and Mirza, Mehdi and Hamner, Ben and Cukierski, Will and Tang, Yichuan and Thaler, David and Lee, Dong-Hyun and others},
	Booktitle = {International Conference on Neural Information Processing},
	Organization = {Springer},
	Pages = {117--124},
	Title = {Challenges in representation learning: A report on three machine learning contests},
	Year = {2013}}

@inproceedings{chen20153d,
	Author = {Chen, Hui and Li, Jiangdong and Zhang, Fengjun and Li, Yang and Wang, Hongan},
	Booktitle = {Proceedings of the IEEE Conference on Computer Vision and Pattern Recognition},
	Pages = {1836--1845},
	Title = {3D model-based continuous emotion recognition},
	Year = {2015}}

@inproceedings{zhang2016emotion,
	Author = {Zhang, Zhan and Cui, Liqing and Liu, Xiaoqian and Zhu, Tingshao},
	Booktitle = {Web Intelligence (WI), 2016 IEEE/WIC/ACM International Conference on},
	Organization = {IEEE},
	Pages = {407--410},
	Title = {Emotion detection using Kinect 3D facial points},
	Year = {2016}}

@inproceedings{fabian2016emotionet,
	Author = {Fabian Benitez-Quiroz, C and Srinivasan, Ramprakash and Martinez, Aleix M},
	Booktitle = {Proceedings of the IEEE Conference on Computer Vision and Pattern Recognition},
	Pages = {5562--5570},
	Title = {Emotionet: An accurate, real-time algorithm for the automatic annotation of a million facial expressions in the wild},
	Year = {2016}}

@inproceedings{mollahosseini2016facial,
	Author = {Mollahosseini, Ali and Hasani, Behzad and Salvador, Michelle J and Abdollahi, Hojjat and Chan, David and Mahoor, Mohammad H},
	Booktitle = {Proceedings of the IEEE Conference on Computer Vision and Pattern Recognition Workshops},
	Pages = {58--65},
	Title = {Facial expression recognition from world wild web},
	Year = {2016}}

@inproceedings{redmon2016you,
	Author = {Redmon, Joseph and Divvala, Santosh and Girshick, Ross and Farhadi, Ali},
	Booktitle = {Proceedings of the IEEE Conference on Computer Vision and Pattern Recognition},
	Pages = {779--788},
	Title = {You only look once: Unified, real-time object detection},
	Year = {2016}}

@inproceedings{girshick2014rich,
	Author = {Girshick, Ross and Donahue, Jeff and Darrell, Trevor and Malik, Jitendra},
	Booktitle = {Proceedings of the IEEE conference on computer vision and pattern recognition},
	Pages = {580--587},
	Title = {Rich feature hierarchies for accurate object detection and semantic segmentation},
	Year = {2014}}

@inproceedings{he2017mask,
	Author = {K. He and G. Gkioxari and P. Doll{\'a}r and R. Girshick},
	Booktitle = {2017 IEEE International Conference on Computer Vision (ICCV)},
	Date-Modified = {2018-01-28 08:49:27 +0000},
	Keywords = {Feature extraction;Image segmentation;Object detection;Quantization (signal);Robustness;Semantics},
	Pages = {2980-2988},
	Publisher = {arXiv preprint arXiv: 1703.06870},
	Title = {Mask R-CNN},
	Year = {2017}}

@inproceedings{langley1997machine,
	Author = {Langley, Pat},
	Booktitle = {Annual Conference on Artificial Intelligence},
	Date-Modified = {2018-01-28 09:27:53 +0000},
	Organization = {Springer},
	Pages = {53--62},
	Title = {Machine learning for adaptive user interfaces},
	Year = {1997}}

@article{Conati2005,
	Author = {Conati, Cristina and Marsella, Stacy and Paiva, Ana},
	Journal = {Proc. 10th Int. Conf. Intell. user interfaces - IUI '05},
	Pages = {7},
	Title = {{Affective interactions}},
	Year = {2005}}

@article{Crane2007,
	Author = {Crane, Elizabeth a and Shami, N Sadat and Peter, Christian},
	Journal = {Proceedings of ACM CHI 2007 Conference on Human Factors in Computing Systems},
	Keywords = {acm classification keywords,affective applications,affective computing,emotion,emotion detection,hci},
	Pages = {2101--2104},
	Title = {{Let's get emotional: emotion research in human computer interaction}},
	Volume = {2},
	Year = {2007}}

@misc{surace2001voice,
	Author = {Surace, Kevin J and White, George M and Reeves, Byron B and Nass, Clifford I and Campbell, Mark D and Albert, Roy D and Giangola, James P},
	Month = dec # {~25},
	Note = {US Patent 6,334,103},
	Publisher = {Google Patents},
	Title = {Voice user interface with personality},
	Year = {2001}}

@inproceedings{kostov2000emotion,
	Author = {Kostov, V and Fukuda, S},
	Booktitle = {Systems, Man, and Cybernetics, 2000 IEEE International Conference on},
	Organization = {IEEE},
	Pages = {798--803},
	Title = {Emotion in user interface, voice interaction system},
	Volume = {2},
	Year = {2000}}

@misc{chang2016intelligent,
	Author = {Chang, Woosuk and Lang, Angel Camille and Nobumori, Miki and Rigazio, Luca and Senay, Gregory and Sugiura, Akihiko},
	Month = mar # {~30},
	Note = {US Patent App. 15/085,761},
	Publisher = {Google Patents},
	Title = {Intelligent caring user interface},
	Year = {2016}}

@article{kim2016effects,
	Author = {Kim, Dong-hyu and Lee, Heejin},
	Journal = {International Journal of Information Management},
	Number = {4},
	Pages = {653--667},
	Publisher = {Elsevier},
	Title = {Effects of user experience on user resistance to change to the voice user interface of an in-vehicle infotainment system: Implications for platform and standards competition},
	Volume = {36},
	Year = {2016}}

@inproceedings{mctear2016rise,
	Author = {McTear, Michael F},
	Booktitle = {International Workshop on Future and Emerging Trends in Language Technology},
	Organization = {Springer},
	Pages = {38--49},
	Title = {The Rise of the Conversational Interface: A New Kid on the Block?},
	Year = {2016}}

@book{schneider1993adaptive,
	Author = {Schneider-Hufschmidt, Matthias and Malinowski, Uwe and Kuhme, Thomas},
	Publisher = {Elsevier Science Inc.},
	Title = {Adaptive user interfaces: Principles and practice},
	Year = {1993}}

@inproceedings{Dalvand,
	Author = {K. Dalvand and M. Kazemifard},
	Booktitle = {2012 2nd International eConference on Computer and Knowledge Engineering (ICCKE)},
	Date-Modified = {2018-01-28 08:44:46 +0000},
	Keywords = {human computer interaction;keyboards;AUBUE;active emotions mapping;adaptive user-interface based on users emotion;color selection;event interpretation;keyboard interactions;keyboard interpretation;mood update;shape guess game;Artificial intelligence;Color;Keyboards;Mood;Shape;User interfaces;Adaptive Interface;Affective Computing;Color selection;Emotion;Human Computer Interaction;Mood},
	Pages = {161-166},
	Read = {0},
	Title = {An Adaptive User-Interface Based on User's Emotion},
	Year = {2012}}

@article{Kaiser2006,
	Author = {Kaiser, Robin and Oertel, Karina},
	Journal = {Computer (Long. Beach. Calif).},
	Keywords = {affective computing,are sensors for e,e-learning,evaluated and enhanced,g,hci,integrated in the glove,resistance and skin conductivity,sensor data are wirelessly,skin,transmitted and made available},
	Pages = {105--106},
	Title = {{Emotions in HCI -- An Affective E-Learning System}},
	Year = {2006}}

@inproceedings{Galindo,
	Author = {Galindo, J and Dupuy-Chessa, Sophie and C{\'e}ret, {\'E}ric},
	Booktitle = {ACHI07, Nice, France},
	Date-Modified = {2018-01-28 09:16:15 +0000},
	Isbn = {9781612085388},
	Keywords = {-user interface adaptation,architecture,emotion recognition},
	Pages = {12--17},
	Title = {{Toward a User Interface Adaptation Approach Driven by User Emotions}},
	Year = {2017}}

@book{parkinson1995ideas,
	Author = {Parkinson, Brian},
	Publisher = {Psychology Press},
	Title = {Ideas and realities of emotion},
	Year = {1995}}

@article{picard2003affective,
	Author = {Picard, Rosalind W},
	Journal = {International Journal of Human-Computer Studies},
	Number = {1},
	Pages = {55--64},
	Publisher = {Elsevier},
	Title = {Affective computing: challenges},
	Volume = {59},
	Year = {2003}}

@article{picard2010affective,
	Author = {Picard, Rosalind W},
	Journal = {IEEE Transactions on Affective Computing},
	Number = {1},
	Pages = {11--17},
	Publisher = {IEEE},
	Title = {Affective computing: from laughter to IEEE},
	Volume = {1},
	Year = {2010}}

@article{cowie2015ethical,
	Author = {Cowie, Roddy},
	Journal = {The Oxford Handbook of Affective Computing},
	Pages = {334},
	Publisher = {Oxford Library of Psychology},
	Title = {Ethical issues in affective computing},
	Year = {2015}}

@article{rana2015opportunistic,
	Author = {Rana, Rajib and Hume, Margee and Reilly, John and Jurdak, Raja and Soar, Jeffrey},
	Journal = {arXiv preprint arXiv:1502.02796},
	Title = {Opportunistic and context-aware affect sensing on smartphones: the concept, challenges and opportunities},
	Year = {2015}}

@article{Politou2017,
	Author = {Politou, Eugenia and Alepis, Efthimios and Patsakis, Constantinos},
	Date-Modified = {2018-01-28 08:54:18 +0000},
	Journal = {Computer Science Review},
	Keywords = {Affect detection,Affect recognition,Mobile affective computing,Mobile sensing,Smartphone sensors},
	Publisher = {Elsevier Inc.},
	Title = {{A survey on mobile affective computing}},
	Year = {2017}}

@article{ganti2011mobile,
	Author = {Ganti, Raghu K and Ye, Fan and Lei, Hui},
	Journal = {IEEE Communications Magazine},
	Number = {11},
	Publisher = {IEEE},
	Title = {Mobile crowdsensing: current state and future challenges},
	Volume = {49},
	Year = {2011}}

@article{khan2013mobile,
	Author = {Khan, Wazir Zada and Xiang, Yang and Aalsalem, Mohammed Y and Arshad, Quratulain},
	Journal = {IEEE Communications Surveys \& Tutorials},
	Number = {1},
	Pages = {402--427},
	Publisher = {IEEE},
	Title = {Mobile phone sensing systems: A survey},
	Volume = {15},
	Year = {2013}}

@article{masuda2008placing,
	Author = {Masuda, Takahiko and Ellsworth, Phoebe C and Mesquita, Batja and Leu, Janxin and Tanida, Shigehito and Van de Veerdonk, Ellen},
	Journal = {Journal of personality and social psychology},
	Number = {3},
	Pages = {365},
	Publisher = {American Psychological Association},
	Title = {Placing the face in context: cultural differences in the perception of facial emotion.},
	Volume = {94},
	Year = {2008}}

@article{gendron2014perceptions,
	Author = {Gendron, Maria and Roberson, Debi and van der Vyver, Jacoba Marietta and Barrett, Lisa Feldman},
	Journal = {Emotion},
	Number = {2},
	Pages = {251},
	Publisher = {American Psychological Association},
	Title = {Perceptions of emotion from facial expressions are not culturally universal: evidence from a remote culture.},
	Volume = {14},
	Year = {2014}}

@article{mesquita1992cultural,
	Author = {Mesquita, Batja and Frijda, Nico H},
	Journal = {Psychological bulletin},
	Number = {2},
	Pages = {179},
	Publisher = {American Psychological Association},
	Title = {Cultural variations in emotions: a review.},
	Volume = {112},
	Year = {1992}}
